
@ARTICLE{esprit, 
author={Roy, R. and Kailath, T.}, 
journal={IEEE Transactions on Acoustics, Speech and Signal Processing}, title="{ESPRIT-estimation of signal parameters via rotational invariance techniques}", 
year={1989}, 
month={jul}, 
volume={37}, 
number={7}, 
pages={984 -995}, 
keywords={ESPRIT;array;estimation;least-squares;rotational invariance techniques;sensors;signal parameters;signal processing;signal subspaces;translational invariance structure;filtering and prediction theory;signal processing;}, 
doi={10.1109/29.32276}, 
ISSN={0096-3518},}
